@techreport{murthy2011architecture,
  title={Architecture of next generation Apache Hadoop MapReduce framework},
  author={Murthy, Arun C and Douglas, Chris and Konar, Mahadev and Oâ€™MALLEY, Owen and Radia, Sanjay and Agarwal, Sharad and KV, V},
  year={2011},
  institution={Tech. rep., Apache Hadoop}
}

@inproceedings{kafka,
    author = {Kreps, J. and Narkhede, N. and Rao, J.},
    booktitle = {NetDB},
    citeulike-article-id = {11857053},
    keywords = {distributed-queue, mq, producer-consumer},
    posted-at = {2012-12-26 08:25:15},
    priority = {2},
    title = {{Kafka: A distributed messaging system for log processing}},
    year = {2011}
}

@article{scope,
 author = {Zhou, Jingren and Bruno, Nicolas and Wu, Ming-Chuan and Larson, Per-Ake and Chaiken, Ronnie and Shakib, Darren},
 title = {SCOPE: Parallel Databases Meet MapReduce},
 journal = {VLDB Journal},
 volume = {21},
 number = {5},
 keywords = {Distributed computation, MapReduce, Parallel databases, Query optimization, SCOPE},
}

@inproceedings{Weimer:2010fk,
	Author = {Markus Weimer and Sriram Rao and Martin Zinkevich},
	Booktitle = {LCCC},
	Year = {2010}
}

@inproceedings{neumeyer2010s4,
  title={S4: Distributed stream computing platform},
  author={Neumeyer, Leonardo and Robbins, Bruce and Nair, Anish and Kesari, Anand},
  booktitle={ICDMW},
  year={2010}
}

@inproceedings{Chu:2006fk,
	Author = {Cheng-Tao Chu and Sang Kyun Kim and Yi-An Lin and YuanYuan Yu and Gary R. Bradski and Andrew Y. Ng and Kunle Olukotun},
	Booktitle = {NIPS},
	Title = {Map-Reduce for Machine Learning on Multicore},
	Year = {2006}}

@inproceedings{hindman2011mesos,
  title={Mesos: A platform for fine-grained resource sharing in the data center},
  author={Hindman, Benjamin and Konwinski, Andy and Zaharia, Matei and Ghodsi, Ali and Joseph, Anthony D and Katz, Randy and Shenker, Scott and Stoica, Ion},
  booktitle={NSDI},
  year={2011}
}

@inproceedings{schwarzkopf2013omega,
  title={Omega: flexible, scalable schedulers for large compute clusters},
  author={Schwarzkopf, Malte and Konwinski, Andy and Abd-El-Malek, Michael and Wilkes, John},
  booktitle={ACM European Conference on Computer Systems},
  year={2013}
}

@inproceedings{isard2009quincy,
  title={Quincy: fair scheduling for distributed computing clusters},
  author={Isard, Michael and Prabhakaran, Vijayan and Currey, Jon and Wieder, Udi and Talwar, Kunal and Goldberg, Andrew},
  booktitle={SIGOPS},
  year={2009}
}

@techreport{ousterhout2013sparrow,
  title={Sparrow: Scalable scheduling for sub-second parallel jobs},
  author={Ousterhout, Kay and Wendell, Patrick and Zaharia, Matei and STO-ICA, Ion},
  year={2013},
  institution={Tech. Rep. UCB/EECS-2013-29, EECS Department, University of California, Berkeley}
}

@article{isard2007dryad,
  title={Dryad: distributed data-parallel programs from sequential building blocks},
  author={Isard, Michael and Budiu, Mihai and Yu, Yuan and Birrell, Andrew and Fetterly, Dennis},
  journal={SIGOPS},
  year={2007}
}

@inproceedings{yu2008dryadlinq,
  title={DryadLINQ: A System for General-Purpose Distributed Data-Parallel Computing Using a High-Level Language.},
  author={Yu, Yuan and Isard, Michael and Fetterly, Dennis and Budiu, Mihai and Erlingsson, {\'U}lfar and Gunda, Pradeep Kumar and Currey, Jon},
  booktitle={OSDI},
  volume={8},
  pages={1--14},
  year={2008}
}

@inproceedings{malewicz2010pregel,
  title={Pregel: a system for large-scale graph processing},
  author={Malewicz, Grzegorz and Austern, Matthew H and Bik, Aart JC and Dehnert, James C and Horn, Ilan and Leiser, Naty and Czajkowski, Grzegorz},
  booktitle={SIGMOD},
  year={2010}
}

@article{melnik2010dremel,
  title={Dremel: interactive analysis of web-scale datasets},
  author={Melnik, Sergey and Gubarev, Andrey and Long, Jing Jing and Romer, Geoffrey and Shivakumar, Shiva and Tolton, Matt and Vassilakis, Theo},
  journal={PVLDB},
  year={2010}
}
@inproceedings{ekanayake2010twister,
  title={Twister: a runtime for iterative mapreduce},
  author={Ekanayake, Jaliya and Li, Hui and Zhang, Bingjing and Gunarathne, Thilina and Bae, Seung-Hee and Qiu, Judy and Fox, Geoffrey},
  booktitle={HPDC},
  year={2010}
  }

@inproceedings{engle2012shark,
  title={Shark: fast data analysis using coarse-grained distributed memory},
  author={Engle, Cliff and Lupher, Antonio and Xin, Reynold and Zaharia, Matei and Franklin, Michael J and Shenker, Scott and Stoica, Ion},
  booktitle={SIGMOD},
  pages={689--692},
  year={2012},
  organization={ACM}
}

@inproceedings{zaharia2012discretized,
  title={Discretized streams: an efficient and fault-tolerant model for stream processing on large clusters},
  author={Zaharia, Matei and Das, Tathagata and Li, Haoyuan and Shenker, Scott and Stoica, Ion},
  booktitle={HotCloud},
  year={2012},
  organization={USENIX Association}
}

@misc{weave,
  title={Weave: Running in YARN is simple as running threads.},
  author={Continuuity},
  url={http://github.com/continuuity/weave}
}

@misc{storm,
  title={Storm: Distributed and fault-tolerant realtime computation},
  author={Marz, Nathan},
  url={http://storm-project.net}
}

@misc{cascading,
  title={Cascading: Application Platform for Enterprise Big Data},
  organization={Concurrent, Inc.},
  url={http://www.cascading.org}
}

@misc{greenplum,
  title={A unified engine for RDBMS and MapReduce},
  year={2009},
  organization={Greenplum},
  url={http://www.greenplum.com/resources/mapreduce}
}

% !! Greenplum is now called Pivotal:
% http://gopivotal.com/pivotal-products/pivotal-data-fabric/pivotal-analytic-database

@misc{kornacker2012cloudera,
  title={Cloudera Impala: real-time queries in Apache Hadoop, for real},
  author={Kornacker, M and Erickson, J},
  year={2012},
  organization={Cloudera},
  url={http://blog.cloudera.com/blog/2012/10/cloudera-impala-real-time-queries-in-apache-hadoop-for-real}
}

@inproceedings{biglearn,
  title={Towards resource-elastic Machine Learning},
  author={Shravan Narayanamurthy and Markus Weimer and Dhruv Mahajan and Tyson Condie and Sundararajan Sellamanickam and S. Sathiya Keerthi},
  booktitle={BigLearn NIPS Workshop},
  year={2013}
  }

@inproceedings{chambers2010flumejava,
  title={FlumeJava: easy, efficient data-parallel pipelines},
  author={Chambers, Craig and Raniwala, Ashish and Perry, Frances and Adams, Stephen and Henry, Robert R and Bradshaw, Robert and Weizenbaum, Nathan},
  booktitle={ACM Sigplan Notices},
  volume={45},
  number={6},
  pages={363--375},
  year={2010},
  organization={ACM}
}

@misc{oozie,
  title={{Apache Oozie: Workflow Scheduler for Hadoop}},
  author={{The Apache Software Foundation}},
  note={\url{http://oozie.apache.org}}
}

@inproceedings{zaharia2008improving,
  title={Improving MapReduce Performance in Heterogeneous Environments.},
  author={Zaharia, Matei and Konwinski, Andy and Joseph, Anthony D and Katz, Randy H and Stoica, Ion},
  booktitle={OSDI},
  volume={8},
  number={4},
  pages={7},
  year={2008}
}

@inproceedings{ananthanarayanan2010reining,
  title={Reining in the Outliers in Map-Reduce Clusters using Mantri.},
  author={Ananthanarayanan, Ganesh and Kandula, Srikanth and Greenberg, Albert G and Stoica, Ion and Lu, Yi and Saha, Bikas and Harris, Edward},
  booktitle={OSDI},
  volume={10},
  number={1},
  pages={24},
  year={2010}
}

@article{ananthanarayanan2012let,
  title={Why let resources idle? Aggressive cloning of jobs with Dolly},
  author={Ananthanarayanan, Ganesh and Ghodsi, Ali and Shenker, Scott and Stoica, Ion},
  journal={Memory},
  volume={40},
  number={60},
  pages={80},
  year={2012}
}

@inproceedings{ananthanarayanan2011scarlett,
  title={Scarlett: coping with skewed content popularity in mapreduce clusters},
  author={Ananthanarayanan, Ganesh and Agarwal, Sameer and Kandula, Srikanth and Greenberg, Albert and Stoica, Ion and Harlan, Duke and Harris, Ed},
  booktitle={Proceedings of the sixth conference on Computer systems},
  pages={287--300},
  year={2011},
  organization={ACM}
}

@inproceedings{ananthanarayanan2012pacman,
  title={PACMan: Coordinated memory caching for parallel jobs},
  author={Ananthanarayanan, Ganesh and Ghodsi, Ali and Wang, Andrew and Borthakur, Dhruba and Kandula, Srikanth and Shenker, Scott and Stoica, Ion},
  booktitle={USENIX NSDI},
  year={2012}
}

@INPROCEEDINGS{ousterhout2013case,
  title={The case for tiny tasks in compute clusters},
  author={Ousterhout, Kay and Panda, Aurojit and Rosen, Joshua and Venkataraman, Shivaram and Xin, Reynold and Ratnasamy, Sylvia and Shenker, Scott and Stoica, Ion},
  booktitle={HotOS},
  year={2013}
  }

@MISC{Akka,
  title= {Akka},
  howpublished="\url{http://akka.io}"
}

@ARTICLE{vw,
  author = {Alekh Agarwal and Olivier Chapelle and Miroslav Dud\'{\i}k and John
	Langford},
  title = {A Reliable Effective Terascale Linear Learning System},
  journal = {CoRR},
  year = {2011},
  volume = {abs/1110.4198},
  bibsource = {DBLP, http://dblp.uni-trier.de},
  ee = {http://arxiv.org/abs/1110.4198},
  owner = {mweimer},
  timestamp = {2013.06.30}
}

@INPROCEEDINGS{ylda,
  author = {A. Ahmed and M. Aly and J. Gonzalez and S. Narayanamurthy and A.
	J. Smola},
  title = {Scalable inference in latent variable models},
  booktitle = {WSDM '12},
  year = {2012},
}

@INPROCEEDINGS{calm,
  author = {Alvaro, Peter and Conway, Neil and Hellerstein, Joe and Marczak,
	William R},
  title = {Consistency Analysis in Bloom: a CALM and Collected Approach.},
  booktitle = {CIDR},
  year = {2011},
  pages = {249--260}
}

@ARTICLE{calm-theorem,
  author = {Ameloot, Tom J. and Neven, Frank and Van Den Bussche, Jan},
  title = {Relational transducers for declarative networking},
  journal = {Journal of ACM},
  year = {2013},
  volume = {60},
  number = {2}
}

@INPROCEEDINGS{stratosphere,
  author = {Battr\'{e}, Dominic and Ewen, Stephan and Hueske, Fabian and Kao,
	Odej and Markl, Volker and Warneke, Daniel},
  title = {Nephele/{PACTs}: A Programming Model and Execution Framework for
	Web-Scale Analytical Processing},
  booktitle = {SOCC},
  year = {2010}
}

@INPROCEEDINGS{hyracks,
  author = {Borkar, Vinayak and Carey, Michael and Grover, Raman and Onose, Nicola
	and Vernica, Rares},
  title = {Hyracks: A flexible and extensible foundation for data-intensive
	computing},
  booktitle = {ICDE},
  year = {2011}
}

@ARTICLE{haloop,
  author = {Yingyi Bu and Bill Howe and Magdalena Balazinska and Michael D. Ernst},
  title = {The {HaLoop} approach to large-scale iterative data analysis},
  journal = {The VLDB Journal},
  year = {2012},
  volume = {21},
  pages = {169--190},
  number = {2}
}

@inproceedings{gfs,
   author = {Ghemawat, Sanjay and Gobioff, Howard and Leung, Shun-Tak},
    title = {The Google File System},
     booktitle = {SOSP},
       year = {2003}
} 


@ARTICLE{mapreduce,
  author = {Dean, Jeffrey and Ghemawat, Sanjay},
  title = {{MapReduce}: simplified data processing on large clusters},
  journal = {Commun. ACM},
  year = {2008},
  volume = {51}
}

@ELECTRONIC{corona,
  author = {{Facebook Engineering}},
  year = {2012},
  title = {{Under the Hood: Scheduling MapReduce jobs more efficiently with
	Corona}}
}

@INPROCEEDINGS{sungrid,
  author = {Wolfgang Gentzsch},
  title = {Sun Grid Engine: Towards Creating a Compute Power Grid},
  booktitle = {CCGRID},
  year = {2001},
  pages = {35-39},
  bibsource = {DBLP, http://dblp.uni-trier.de},
  ee = {http://csdl.computer.org/comp/proceedings/ccgrid/2001/1010/00/10100035.pdf}
}

@BOOK{Gropp:1998:MPI2Book,
  title = {{MPI} - The Complete Reference: Volume 2, The {MPI}-2 Extensions},
  publisher = {MIT Press},
  year = {1998},
  author = {William Gropp and Steven Huss-Lederman and Andrew Lumsdaine and Ewing
	Lusk and Bill Nitzberg and William Saphir and Marc Snir},
  address = {Cambridge, MA, USA},
  area = {M},
  areaseq = {0},
  optseries = {Scientific and engineering computation}
}

@INPROCEEDINGS{mesos,
  author = {Hindman, Benjamin and Konwinski, Andy and Zaharia, Matei and Ghodsi,
	Ali and Joseph, Anthony D and Katz, Randy and Shenker, Scott and
	Stoica, Ion},
  title = {Mesos: A platform for fine-grained resource sharing in the data center},
  booktitle = {NSDI},
  year = {2011},
  pages = {22--22},
  organization = {USENIX Association}
}

@INPROCEEDINGS{dryad,
  author = {Isard, Michael and Budiu, Mihai and Yu, Yuan and Birrell, Andrew
	and Fetterly, Dennis},
  title = {Dryad: distributed data-parallel programs from sequential building
	blocks},
  booktitle = {Eurosys},
  year = {2007}
}

@INPROCEEDINGS{joukov2006operating,
  author = {Joukov, Nikolai and Traeger, Avishay and Iyer, Rakesh and Wright,
	Charles P and Zadok, Erez},
  title = {Operating system profiling via latency analysis},
  booktitle = {Proceedings of the 7th symposium on Operating systems design and
	implementation},
  year = {2006},
  pages = {89--102},
  organization = {USENIX Association}
}

@INPROCEEDINGS{Kavulya,
  author = {Kavulya, Soila and Tan, Jiaqi and Gandhi, Rajeev and Narasimhan,
	Priya},
  title = {An Analysis of Traces from a Production MapReduce Cluster},
  booktitle = {Proceedings of the 2010 10th IEEE/ACM International Conference on
	Cluster, Cloud and Grid Computing},
  year = {2010},
  series = {CCGRID '10},
  pages = {94--103},
  address = {Washington, DC, USA},
  publisher = {IEEE Computer Society},
  acmid = {1845224},
  doi = {10.1109/CCGRID.2010.112},
  isbn = {978-0-7695-4039-9},
  keywords = {MapReduce, Workload characterization, Distributed systems},
  numpages = {10},
  url = {http://dx.doi.org/10.1109/CCGRID.2010.112}
}

@ARTICLE{sqm,
  author = {Kearns, Michael},
  title = {Efficient noise-tolerant learning from statistical queries},
  journal = {J. ACM},
  year = {1998},
  volume = {45},
  pages = {983--1006},
  number = {6},
  month = nov,
  acmid = {293351},
  address = {New York, NY, USA},
  doi = {10.1145/293347.293351},
  issn = {0004-5411},
  issue_date = {Nov. 1998},
  keywords = {computational learning theory, machine learning},
  numpages = {24},
  owner = {mweimer},
  publisher = {ACM},
  timestamp = {2013.07.02},
  url = {http://doi.acm.org/10.1145/293347.293351}
}

@ARTICLE{kohler2000click,
  author = {Kohler, Eddie and Morris, Robert and Chen, Benjie and Jannotti, John
	and Kaashoek, M Frans},
  title = {The Click modular router},
  journal = {ACM Transactions on Computer Systems (TOCS)},
  year = {2000},
  volume = {18},
  pages = {263--297},
  number = {3},
  publisher = {ACM}
}

@INCOLLECTION{gridbook-htc,
  author = {Miron Livny and Rajesh Raman},
  title = {High-throughput resource management},
  booktitle = {The Grid: Blueprint for a New Computing Infrastructure},
  publisher = {Morgan Kaufmann},
  year = {1998},
  editor = {Ian Foster and Carl Kesselman}
}

@INPROCEEDINGS{graphlab,
  author = {Yucheng Low and Joseph Gonzalez and Aapo Kyrola and Danny Bickson
	and Carlos Guestrin and Joseph M. Hellerstein},
  title = {{GraphLab: A New Parallel Framework for Machine Learning}},
  booktitle = {Conference on Uncertainty in Artificial Intelligence (UAI)},
  year = {2010},
  address = {Catalina Island, California},
  month = {July},
  owner = {mweimer},
  timestamp = {2013.07.01},
  wwwfilebase = {uai2010-low-gonzalez-kyrola-bickson-guestrin-hellerstein},
  wwwtopic = {Parallel Learning}
}

@INPROCEEDINGS{graphlab-dist,
    author = {Low, Yucheng and Bickson, Danny and Gonzalez, Joseph and Guestrin, Carlos and Kyrola, Aapo and Hellerstein, Joseph M.},
    title = {Distributed GraphLab: A Framework for Machine Learning and Data Mining in the Cloud},
    journal = {Proc. VLDB Endow.},
    issue_date = {April 2012},
    volume = {5},
    number = {8},
    month = apr,
    year = {2012},
    issn = {2150-8097},
    pages = {716--727},
    numpages = {12},
    url = {http://dl.acm.org/citation.cfm?id=2212351.2212354},
    acmid = {2212354},
    publisher = {VLDB Endowment}
} 

@ARTICLE{maiter,
    author = {Yanfeng Zhang and Qixin Gao and Lixin Gao and Cuirong Wang},
    title = {Maiter: An Asynchronous Graph Processing Framework for Delta-based Accumulative Iterative Computation},
    journal ={TPDS},
    volume = {99},
    year = {2013}
}


@INPROCEEDINGS{pregel,
  author = {Malewicz, Grzegorz and Austern, Matthew H. and Bik, Aart J.C and
	Dehnert, James C. and Horn, Ilan and Leiser, Naty and Czajkowski,
	Grzegorz},
  title = {Pregel: a system for large-scale graph processing},
  booktitle = {Proceedings of the 2010 ACM SIGMOD International Conference on Management
	of data},
  year = {2010},
  series = {SIGMOD '10},
  pages = {135--146},
  address = {New York, NY, USA},
  publisher = {ACM},
  acmid = {1807184},
  doi = {10.1145/1807167.1807184},
  isbn = {978-1-4503-0032-2},
  keywords = {distributed computing, graph algorigthms},
  location = {Indianapolis, Indiana, USA},
  numpages = {12},
  url = {http://doi.acm.org/10.1145/1807167.1807184}
}

@INPROCEEDINGS{snap-stanford,
    author = {Backstrom, Lars and Huttenlocher, Dan and Kleinberg, Jon and Lan, Xiangyang},
    title = {Group Formation in Large Social Networks: Membership, Growth, and Evolution},
    booktitle = {KDD},
    year = {2006},
} 

@INPROCEEDINGS{naiad,
  author = {Frank McSherry and Derek Gordon Murray and Rebecca Isaacs and Michael
	Isard},
  title = {Differential Dataflow},
  booktitle = {CIDR},
  year = {2013},
  bibsource = {DBLP, http://dblp.uni-trier.de},
  ee = {http://www.cidrdb.org/cidr2013/Papers/CIDR13_Paper111.pdf}
}

@ARTICLE{Rx,
  author = {Meijer, Erik},
  title = {Your mouse is a database},
  journal = {Commun. ACM},
  year = {2012},
  volume = {55},
  pages = {66--73},
  number = {5},
  month = may,
  acmid = {2160735},
  address = {New York, NY, USA},
  doi = {10.1145/2160718.2160735},
  issn = {0001-0782},
  issue_date = {May 2012},
  numpages = {8},
  owner = {mweimer},
  publisher = {ACM},
  timestamp = {2013.07.01},
  url = {http://doi.acm.org/10.1145/2160718.2160735}
}

@INPROCEEDINGS{pig,
  author = {Olston, Christopher and Reed, Benjamin and Srivastava, Utkarsh and
	Kumar, Ravi and Tomkins, Andrew},
  title = {Pig latin: a not-so-foreign language for data processing},
  booktitle = {Proceedings of the 2008 ACM SIGMOD international conference on Management
	of data},
  year = {2008},
  series = {SIGMOD '08},
  pages = {1099--1110},
  address = {New York, NY, USA},
  publisher = {ACM},
  acmid = {1376726},
  doi = {10.1145/1376616.1376726},
  isbn = {978-1-60558-102-6},
  keywords = {dataflow language, pig latin},
  location = {Vancouver, Canada},
  numpages = {12},
  url = {http://doi.acm.org/10.1145/1376616.1376726}
}

@INPROCEEDINGS{ousterhout2013case,
  author = {Ousterhout, Kay and Panda, Aurojit and Rosen, Joshua and Venkataraman,
	Shivaram and Xin, Reynold and Ratnasamy, Sylvia and Shenker, Scott
	and Stoica, Ion},
  title = {The case for tiny tasks in compute clusters},
  booktitle = {HotOD},
  year = {2013}
}

@ARTICLE{ari-dissertation,
  author = {Ariel Rabkin},
  title = {Using Program Analysis to Reduce Misconfiguration in Open Source
	Systems Software},
  journal = {Ph.D. Dissertation, UC Berkeley},
  year = {2012}
}

@INPROCEEDINGS{sailfish,
  author = {Rao, Sriram and Ramakrishnan, Raghu and Silberstein, Adam and Ovsiannikov,
	Mike and Reeves, Damian},
  title = {Sailfish: A framework for large scale data processing},
  booktitle = {Proceedings of the Third ACM Symposium on Cloud Computing},
  year = {2012},
  pages = {4},
  organization = {ACM}
}

@INPROCEEDINGS{omega,
  author = {Malte Schwarzkopf and Andy Konwinski and Michael Abd-El-Malek and
	John Wilkes},
  title = {Omega: flexible, scalable schedulers for large compute clusters},
  booktitle = {EuroSys},
  year = {2013},
  pages = {351-364},
  bibsource = {DBLP, http://dblp.uni-trier.de},
  ee = {http://doi.acm.org/10.1145/2465351.2465386}
}

@ARTICLE{crdt,
  author = {Marc Shapiro and Nuno M. Pregui\c{c}a},
  title = {Designing a commutative replicated data type},
  journal = {CoRR},
  year = {2007},
  volume = {abs/0710.1784},
  bibsource = {DBLP, http://dblp.uni-trier.de},
  ee = {http://arxiv.org/abs/0710.1784}
}

@INPROCEEDINGS{torque,
  author = {Staples, Garrick},
  title = {TORQUE resource manager},
  booktitle = {Proceedings of the 2006 ACM/IEEE conference on Supercomputing},
  year = {2006},
  series = {SC '06},
  address = {New York, NY, USA},
  publisher = {ACM},
  acmid = {1188464},
  articleno = {8},
  doi = {10.1145/1188455.1188464},
  isbn = {0-7695-2700-0},
  location = {Tampa, Florida},
  url = {http://doi.acm.org/10.1145/1188455.1188464}
}

@MISC{tez,
  author = {{The Apache Software Foundation}},
  title = {{Apache Tez}},
  note = {\url{http://hortonworks.com/hadoop/tez/}}
}

@MISC{accumulo,
  author = {{The Apache Software Foundation}},
  title = {{Apache Accumulo}},
  note = {\url{http://accumulo.apache.org/}}
}

@MISC{twill,
  author = {{The Apache Software Foundation}},
  title = {{Apache Twill}},
  note = {\url{http://twill.incubator.apache.org/}}
}

@MISC{guice,
  author = {Google},
  title  = {Guice},
  note = {\url{https://github.com/google/guice}}
}

@MISC{slider,
  author = {{The Apache Software Foundation}},
  title = {{Apache Slider}},
  note = {\url{http://slider.incubator.apache.org/}}
}

@MISC{giraph,
  author = {{The Apache Software Foundation}},
  title = {{Apache Giraph}},
  note = {\url{http://giraph.apache.org/}}
}

@ELECTRONIC{hadoop,
  author = {{The Apache Software Foundation}},
  title = {{Apache Hadoop}},
  organization = {The Apache Software Foundation},
  note = {\url{http://hadoop.apache.org}},
  url = {http://hadoop.apache.org},
  owner = {Markus},
  timestamp = {2013.06.30}
}

@MISC{mahout,
  author = {{The Apache Software Foundation}},
  title = {{Apache Mahout}},
  note = {\url{http://mahout.apache.org}},
  owner = {mweimer},
  timestamp = {2013.07.01}
}

@MISC{zookeeper,
  author = {{The Apache Software Foundation}},
  title = {{Apache ZooKeeper}},
  note = {\url{http://zookeeper.apache.org/}},
  owner = {mweimer},
  timestamp = {2013.07.01}
}

@inproceedings{yarn,
 author = {Vavilapalli, Vinod Kumar and Murthy, Arun C. and Douglas, Chris and Agarwal, Sharad and Konar, Mahadev and Evans, Robert and Graves, Thomas and Lowe, Jason and Shah, Hitesh and Seth, Siddharth and Saha, Bikas and Curino, Carlo and O'Malley, Owen and Radia, Sanjay and Reed, Benjamin and Baldeschwieler, Eric},
 title = {Apache Hadoop YARN: Yet Another Resource Negotiator},
 booktitle = {SOCC},
 year = {2013}
} 

@MISC{netty,
  author = {{The Netty project}},
  title = {Netty},
  note = {\url{http://netty.io}}
}

@INPROCEEDINGS{hive,
  author = {Ashish Thusoo and Joydeep Sen Sarma and Namit Jain and Zheng Shao
	and Prasad Chakka and Suresh Anthony and Hao Liu and Pete Wyckoff
	and Raghotham Murthy},
  title = {Hive -- A Warehousing Solution Over a Map-Reduce Framework},
  booktitle = {PVLDB},
  year = {2009}
}

@INPROCEEDINGS{SEDA,
  author = {Welsh, Matt and Culler, David and Brewer, Eric},
  title = {SEDA: an architecture for well-conditioned, scalable internet services},
  booktitle = {SIGOPS},
  year = {2001},
  volume = {35},
  number = {5},
  pages = {230--243},
  organization = {ACM}
}

@INPROCEEDINGS{ye2009stochastic,
  author = {Ye, Jerry and Chow, Jyh-Herng and Chen, Jiang and Zheng, Zhaohui},
  title = {Stochastic gradient boosted distributed decision trees},
  booktitle = {CIKM},
  year = {2009}
}

@INPROCEEDINGS{zaharia2012resilient,
  author = {Zaharia, Matei and Chowdhury, Mosharaf and Das, Tathagata and Dave,
	Ankur and Ma, Justin and McCauley, Murphy and Franklin, Michael and
	Shenker, Scott and Stoica, Ion},
  title = {Resilient distributed datasets: A fault-tolerant abstraction for
	in-memory cluster computing},
  booktitle = {NSDI},
  year = {2012}
  }

@INPROCEEDINGS{spark,
  author = {Zaharia, Matei and Chowdhury, Mosharaf and Franklin, Michael J and
	Shenker, Scott and Stoica, Ion},
  title = {Spark: cluster computing with working sets},
  booktitle = {HotCloud},
  year = {2010}
}

@TECHREPORT{utopia,
  author = {Songnian Zhou and Jingwen Wang and Xiaohu Zheng and Pierre Delisle},
  title = {Utopia: A Load Sharing Facility for Large, Heterogeneous Distributed
	Computer Systems},
  institution = {SOFTWARE - PRACTICE AND EXPERIENCE},
  year = {1993}
}

@MISC{Akka,
  title = {Akka},
  howpublished = {\url{http://akka.io}}
}

@MISC{matt-welsh-blog,
  author={Matt Welsh},
  title = {What {I} wish systems researchers would work on},
  howpublished = {\url{http://matt-welsh.blogspot.com/2013/05/what-i-wish-systems-researchers-would.html}}
}

@MISC{seda-experiences,
  title = {A Retrospective on {SEDA}},
  howpublished = {\url{http://matt-welsh.blogspot.com/2010/07/retrospective-on-seda.html}}
}

@article{Vinayak-Borkar:2012fk,
 Author = {Vinayak Borkar and Yingyi Bu and Michael J. Carey and Joshua Rosen and Neoklis Polyzotis and Tyson Condie and Markus Weimer and Raghu Ramakrishnan},
 Journal = {TCDE},
  Number = {2},
 Title = {Declarative Systems for Large-Scale Machine Learning},
 Volume = {35},
 Year = {2012}}
 
@inproceedings{bousquet2007tradeoffs,
 title={The Tradeoffs of Large Scale Learning},
 author={Bousquet, Olivier and Bottou, L{\'e}on},
 booktitle={Advances in Neural Information Processing Systems},
 pages={161--168},
 year={2007}
}
